<?xml version="1.0" encoding="UTF-8" ?>
<collection xmlns:xsi="http://www.w3.org/2001/XMLSchema-instance"
    xsi:schemaLocation="http://www.loc.gov/MARC21/slim
        http://www.loc.gov/standards/marcxml/schema/MARC21slim.xsd"
    xmlns="http://www.loc.gov/MARC21/slim">
<record>
  <leader>00217cam a2200397 i 4500</leader>
  <controlfield tag="001">b17923360</controlfield>
  <controlfield tag="003">LeBAU</controlfield>
  <controlfield tag="005">20170622</controlfield>
  <controlfield tag="008">140102s1927    ua            001 0 ara d</controlfield>
  <datafield tag="040" ind1=" " ind2=" ">
    <subfield code="a">LEAUB</subfield>
    <subfield code="b">eng</subfield>
    <subfield code="e">rda</subfield>
    <subfield code="c">LEAUB</subfield>
  </datafield>
  <datafield tag="041" ind1="0" ind2=" ">
    <subfield code="a">ara</subfield>
    <subfield code="b">eng</subfield>
  </datafield>
  <datafield tag="082" ind1="0" ind2="4">
    <subfield code="a">492.75</subfield>
    <subfield code="2">22</subfield>
  </datafield>
  <datafield tag="100" ind1="1" ind2=" ">
    <subfield code="a">Rajkūtī, ʻAbd al-ʻAzīz al-Maymanī,</subfield>
    <subfield code="e">author.</subfield>
  </datafield>
  <datafield tag="242" ind1="1" ind2="0">
    <subfield code="6">880-01</subfield>
    <subfield code="a">Iqlīd al-khizānah</subfield>
  </datafield>
  <datafield tag="245" ind1="1" ind2="0">
    <subfield code="a">ʼIqlīd al-Khizāna, or, Index of titles of works referred to or Quoted by Abd-al-Qádir al-Baghdādí in his Khizānat al-adab /</subfield>
    <subfield code="c">prepared by M. ‘Abd al-‘Azīz Maīman, formerly additional Maulavi in the Oriental College, Lahore.</subfield>
  </datafield>
  <datafield tag="246" ind1="3" ind2="0">
    <subfield code="a">Index of titles of works referred to or Quoted by Abd-al-Qádir al-Baghdādí in his Khizānat al-adab</subfield>
  </datafield>
  <datafield tag="264" ind1=" " ind2="1">
    <subfield code="a">Lahore :</subfield>
    <subfield code="b">The University of The Panjab,</subfield>
    <subfield code="c">1927.</subfield>
  </datafield>
  <datafield tag="300" ind1=" " ind2=" ">
    <subfield code="a">17, 130 pages ;</subfield>
    <subfield code="c">23 cm.</subfield>
  </datafield>
  <datafield tag="336" ind1=" " ind2=" ">
    <subfield code="a">text</subfield>
    <subfield code="b">txt</subfield>
    <subfield code="2">rdacontent</subfield>
  </datafield>
  <datafield tag="337" ind1=" " ind2=" ">
    <subfield code="a">unmediated</subfield>
    <subfield code="b">n</subfield>
    <subfield code="2">rdamedia</subfield>
  </datafield>
  <datafield tag="338" ind1=" " ind2=" ">
    <subfield code="a">volume</subfield>
    <subfield code="b">nc</subfield>
    <subfield code="2">rdacarrier</subfield>
  </datafield>
  <datafield tag="490" ind1="1" ind2=" ">
    <subfield code="a">Punjab University Oriental Publications</subfield>
  </datafield>
  <datafield tag="546" ind1=" " ind2=" ">
    <subfield code="a">Text in Arabic; with preface and index in English.</subfield>
  </datafield>
  <datafield tag="600" ind1="1" ind2="0">
    <subfield code="a">Baghdādī, ʻAbd al-Qādir ibn ʻUmar,</subfield>
    <subfield code="d">1621-1682.</subfield>
    <subfield code="t">Khizānat al-adab wa-lubb lubāb lisān al-ʻArab</subfield>
    <subfield code="v">Indexes.</subfield>
  </datafield>
  <datafield tag="600" ind1="1" ind2="4">
    <subfield code="a">البغدادي، عبدالقادر بن عمر،</subfield>
    <subfield code="d">1621-1682.</subfield>
    <subfield code="t">خزانة الأدب ولب لباب لسان العرب</subfield>
    <subfield code="v">كشافات.</subfield>
  </datafield>
  <datafield tag="787" ind1="0" ind2=" ">
    <subfield code="6">880-02</subfield>
    <subfield code="i">is index (work):</subfield>
    <subfield code="t">Khizānat al-adab wa-lubb lubāb lisān al-ʻArab</subfield>
    <subfield code="d">al-Qāhirah : Dār al-Kātib al-‘Arabī lil-Ṭibā‘ah wa-al-Nashr, 1967-1981</subfield>
    <subfield code="w">(OCoLC)784354136</subfield>
    <subfield code="w">(OCoLC)784354136</subfield>
  </datafield>
  <datafield tag="787" ind1="0" ind2=" ">
    <subfield code="6">880-03</subfield>
    <subfield code="i">is index (work):</subfield>
    <subfield code="t">Sharḥ al-‘allāmah al-adīb wal-al-fahhāmah al-alma‘ī al-arīb man sārat bi-faḍā’ilihi al-rukbān fī kull wādī al-Shaykh ‘abd al-Qādir ibn ‘Umar al-Baghdādī al-musammá Khizānat al-Adab wa-lubb libāb lisān al-‘Arab...</subfield>
    <subfield code="d">[Miṣr] : Maṭba‘at Būlāq, 1299 H., [1881? M.]</subfield>
    <subfield code="w">(OCoLC)784354103</subfield>
    <subfield code="w">(OCoLC)784354103</subfield>
  </datafield>
  <datafield tag="830" ind1=" " ind2="0">
    <subfield code="a">Punjab University Oriental Publications.</subfield>
  </datafield>
  <datafield tag="852" ind1=" " ind2=" ">
    <subfield code="a">Jafet Archives and Special Collections</subfield>
    <subfield code="e">American University of Beirut, Bliss Street , Beirut, Lebanon.</subfield>
  </datafield>
  <datafield tag="880" ind1="1" ind2="0">
    <subfield code="6">242-01/(3/r</subfield>
    <subfield code="a">إقليد الخزانة</subfield>
  </datafield>
  <datafield tag="880" ind1="0" ind2=" ">
    <subfield code="6">787-02/(3/r</subfield>
    <subfield code="i">is index (work):</subfield>
    <subfield code="t">خزانة الأدب ولب لباب لسان العرب</subfield>
    <subfield code="d">القاهرة : دار الكاتب العربي للطباعة والنشر، 1967-1981</subfield>
    <subfield code="w">b12491998</subfield>
    <subfield code="w">(OCoLC)784354136</subfield>
  </datafield>
  <datafield tag="880" ind1="0" ind2=" ">
    <subfield code="6">787-03/(3/r</subfield>
    <subfield code="i">is index (work):</subfield>
    <subfield code="t">شرح العلامة الأديب والفهامة الألمعي الأريب من سارت بفضائله الركبان في كل وادي الشيخ عبد القادر بن عمر البغدادي المسمى خزانة الأدب ولب لباب لسان العرب...</subfield>
    <subfield code="d">[مصر] : مطبعة بولاق، 1299 هـ.، [1991؟ م.]</subfield>
    <subfield code="w">b12491925</subfield>
    <subfield code="w">(OCoLC)784354103</subfield>
  </datafield>
  <datafield tag="907" ind1=" " ind2=" ">
    <subfield code="a">.b17923360</subfield>
    <subfield code="b">17-07-11</subfield>
    <subfield code="c">14-01-02</subfield>
  </datafield>
  <datafield tag="907" ind1=" " ind2=" ">
    <subfield code="a">.b17923360</subfield>
    <subfield code="b">15-10-30</subfield>
    <subfield code="c">14-01-02</subfield>
  </datafield>
  <datafield tag="945" ind1=" " ind2=" ">
    <subfield code="f">CA</subfield>
    <subfield code="a">492.75:B14kA:Index:c.1</subfield>
    <subfield code="i">01027635</subfield>
    <subfield code="j">.i12985053</subfield>
    <subfield code="l">u0304</subfield>
  </datafield>
  <datafield tag="998" ind1=" " ind2=" ">
    <subfield code="a">u03</subfield>
    <subfield code="b">14-01-02</subfield>
    <subfield code="c">m</subfield>
    <subfield code="d">a</subfield>
    <subfield code="e">-</subfield>
    <subfield code="f">ara</subfield>
    <subfield code="g">ii </subfield>
    <subfield code="h">0</subfield>
    <subfield code="i">0</subfield>
  </datafield>
</record>
</collection>
